% $Id$

@String{ BK = {Bj{\"o}rn Karlsson} }

@Book{ parallel,
	AUTHOR = "Ian Foster",
	TITLE = "Designing and Building Parallel Programs",
	PUBLISHER = "Addison-Wesley",
	YEAR = 1995,
	ISBN = "0-201-57594-9"
}

@Book{ svn,
	AUTHOR = "Ben Collins Sussman and Brian W. Fitzpatrick and C. Michael Pilato",
	TITLE = "Version Control with Subversion",
	YEAR = 2008,
	PUBLISHER = "O'Reilly"
}

@Book{ tnssitl,
	AUTHOR = "Tobias Oetiker and Hubert Partl and Irene Hyna and Elisabeth Schlegl",
	TITLE = "The Not So Short Introduction to \LaTeXe",
	YEAR = 2008
}

@Book{ texknuth,
	AUTHOR = "Donald E. Knuth",
	TITLE = "The \TeX book, Volume A of Computers and Type-setting",
	PUBLISHER = "Addison-Wesley",
	ADDRESS = "Reading, Massachusetts",
	YEAR = 1984,
	ISBN = "0-201-13448-9"
}

@Book{ latex,
	AUTHOR = "Leslie Lamport",
	TITLE = "\LaTeX: A Document Preparation System",
	PUBLISHER = "Addison-Wesley",
	ADDRESS = "Reading, Massachusetts",
	YEAR = 1994,
	ISBN = "0-201-52983-1"
}

@Book{ oosc,
	AUTHOR = "B. Meyer",
	YEAR = "1997",
	TITLE = "{Object-Oriented Software Construction, Second Edition}",
	ADDRESS = "Santa Barbara",
	PUBLISHER = "Prentice Hall Professional Technical Reference",
	rec = "na"
}

@Book{ clustering,
	AUTHOR = "G. Gan and C. Ma and J. Wu",
	YEAR = "2007",
	TITLE = "{Data Clustering, Theory, Algorithms, and Applications}",
	ADDRESS = "",
	PUBLISHER = "ASA-SIAM Series on Statistics an Applied Probability",
	rec = "na"
}

@Article{ proteins,
	AUTHOR = "{Maiorov V.N. and Crippen G.M.}",
	TITLE = "{Significance of root-mean-square deviation in comparing three-dimensional structures of globular proteins}",
	JOURNAL = "Molecular Biology",
	VOLUME = 235,
	PAGES = "625--634",
	YEAR = 1994
}

@Article{ kmeans,
	AUTHOR = "Yufang Zhang and Zhongyang Xiong and Jiali Mao and Ling Ou",
	TITLE = "The Study of Parallel K-Means Algorithm",
	JOURNAL = "Proceedings of the 6th World Congress on Intelligent Control and Automation",
	YEAR = 2006
}

@Article{ design,
	AUTHOR = "W. Stevens and G. Myers and L. Constantine",
	TITLE = "Structured Design",
	JOURNAL = "IBM Systems Journal",
	YEAR = 1974,
	VOLUME = 13,
	PAGES = "115--139"
}

@Book{ pressman,
	AUTHOR = "Roger S. Pressman",
	TITLE = "Software Engineering - A Practitioner's Approach - Fourth Edition",
	YEAR = 1982,
	ISBN = "0-07-052182-4"
}

@Article{ async,
	AUTHOR = "Maurice Herlihy and Nir Shavit",
	TITLE = "The topological structure of asynchronous computation",
	JOURNAL = "Journal of the ACM",
	VOLUME = 46,
	YEAR = 1999,
	PAGES = "858--923"
}

@Article{ faulttolerance,
	AUTHOR = "Edsger W. Dijkstra",
	TITLE = "Self-stabilizing systems in spite of distributed control",
	JOURNAL = "Communications of the ACM",
	VOLUME = 17,
	PAGES = "643--644",
	YEAR = 1974
}

@Article{ kmeans2,
	AUTHOR = "Zhexue Huang",
	TITLE = "K-means-type Algorithms on Distributed Memory Computer",
	JOURNAL = "International Journal of High Speed Computing",
	VOLUME = 11,
	YEAR = 2000,
	PAGES = "75--91"
}

@Article{ kmeans3,
	AUTHOR = "K. Stoffle and A. Belkonience",
	TITLE = "Parallel k-Means clustering for large datasets",
	JOURNAL = "Proceedings of EuroPar",
	YEAR = 1999
}

@Article{ superimposition,
	TITLE = "A General Solution for the Optimal Superimposition of Protein Structures",
	AUTHOR = "Qishen Li and Jian Shu and Zhaojun Shi and Dandan Zhang",
	JOURNAL = "ICIC",
	PAGES = "352--361",
	YEAR = 2006
}

@Article{ gauss,
	TITLE = "Automatic classification of protein structure by using Gauss integrals",
	AUTHOR = "Peter R{\o}gen and Boris Fain",
	YEAR = 2002
}

@Article{ koehl,
	TITLE = "Protein Structure Similarities",
	AUTHOR = "Patrice Koehl",
	YEAR = 2001,
	JOURNAL = "Curr. Opin. Struct. Biol.",
	PAGES = "348--353",
	ISSUE = 11
}

@Article{ rmsd,
	AUTHOR = "E. A. Coutsias and C. Seok and K. A. Dill",
	TITLE = "Using quaternions to calculate RMSD",
	JOURNAL = "Comput. Chem.",
	ISSUE = 25,
	PAGES = "1849--1857"
}

@Article{ mapreduce,
	AUTHOR = "Jeffrey Dean and Sanjay Ghemawat",
	TITLE = "MapReduce: Simplified Data Processing on Large Clusters",
	SYMPOSIUM = "Sixth Symposium on Operating System Design and Implementation",
	YEAR = 2004
}

@Article{ flynn,
	AUTHOR = "Michael J. Flynn",
	TITLE = "Some Computer Organizations and Their Effectiveness",
	JOURNAL = "IEEE Trans. Comput.",
	VOLUME = C21,
	PAGES = "948--960",
	YEAR = 1972
}

@Article{ zait,
	AUTHOR = "M. Zait and H. Messatfa",
	TITLE = "A Comparative Study of Clustering Methods",
	JOURNAL = "Future Generation Computer Systems",
	VOLUME = 13,
	PAGES = "149--159",
	YEAR = 1997
}

@Book{ cplusplus,
	AUTHOR = "Bjarne Stroustrup",
	TITLE = "The C++ Programming Language, Third Edition.",
	PUBLISHER = "Addison-Wesley",
	ADDRESS = "Murray Hill, New Jersey",
	YEAR = 1997
}

@Article{ boinc1,
	AUTHOR = "David P. Anderson",
	TITLE = "BOINC: A System for Public-Resource Computing and Storage",
	JOURNAL = "5th IEEE/ACM International Workshop on Grid Computing",
	YEAR = 2004
}

@Article{ boinc2,
	AUTHOR = "David P. Anderson and Gilles Fedak",
	TITLE = "The Computational and Storage Potential of Volunteer Computing",
	YEAR = 2009
}

@Book{ proteinsbook,
	AUTHOR = "Albert L. Lehninger and David L. Nelson and Michael M. Cox",
	TITLE = "Lehninger Principles of Biochemistry",
	EDITION = "4th.",
	PUBLISHER = "W.H. Freeman",
	YEAR = 2004
}

@Article{ sched1,
	AUTHOR = "Josh Aas",
	TITLE = "Understanding the Linux 2.6.8.1 CPU Scheduler",
	PUBLISHER = "Silicon Graphics, Inc. (SGI)",
	YEAR = 2005
}

@Book{ tanenbaum1,
	AUTHOR = "Andrew S. Woodhull and Andrew S. Tanenbaum",
	TITLE = "Operating Systems Design and Implementation",
	EDITION = "Second",
	PUBLISHER = "Prentice-Hall",
	YEAR = 1997
}

@Book{ tanenbaum2,
	AUTHOR = "Andrew S. Tanenbaum",
	TITLE = "Modern Operating Systems",
	EDITION = "Second",
	PUBLISHER = "Prentice-Hall",
	YEAR = 2001
}

@Book{ sched2,
	AUTHOR = "P. Brucker",
	YEAR = 1998,
	TITLE = "Scheduling algorithms",
	EDITION = "Second",
	PUBLISHER = "Springer",
	ADDRESS = "Heidelberg"
}

@Book{ loadbal,
	TITLE = "Server Load Balancing",
	AUTHOR = "Tony Bourke",
	Publisher = "O'Reilly Media",
	YEAR = 2001
}

@Article{ macqueen,
	AUTHOR = "J. Macqueen",
	TITLE = "Some methos for classification and analysis of multivariate observations",
	SYMPOSIUM = "5th Berkeley symposium on mathematic statistics and probability",
	VOLUME = 1,
	PAGES = "281--297",
	ADDRESS = "Berkeley, California",
	PUBLISHER = "University of California Press",
	YEAR = 1967
}

@Article{ kmeans-pm,
	AUTHOR = "D. Pelleg and A. Moore",
	TITLE = "Accelerating exact \emph{k}-means algorithms with geometric reasoning",
	SYMPOSIUM = "ACM SIGKDD international conference on knowledge discovery and data mining",
	PAGES = "277--281",
	YEAR = 1999,
	PUBLISHER = "ACM Press"
}

@Article{ xmeans,
	AUTHOR = "D. Pelleg and A. Moore",
	TITLE = "\emph{x}-means: Extending \emph{k}-means with efficient estimation of the number of clusters",
	SYMPOSIUM = "Seventeenth internation conference on machine learning",
	PAGES = "727--734",
	YEAR = 2000
}

@Book{ murrayetal,
	AUTHOR = "R. F. Murray and H. W. Harper and D. K. Granner and P. A. Mayes and V. W. Rodwell",
	YEAR = 2006,
	TITLE = "Harper's Illustrated Biochemistry",
	ADDRESS = "New York",
	PUBLISHER = "Lange Medical Books/McGraw-Hill"
}

@Article{ proteinclustering,
	TITLE = "Protein Clustering and Classification",
	AUTHOR = "Ori Sasson and Michal Linial",
	JOURNAL = "The New Avenues in Bioinformatics",
	VOLUME = 8,
	PAGES = "203--226",
	PUBLISHER = "Springer Netherlands",
	YEAR = 2007
}

@Book{ uml,
	TITLE = "Unified Modeling Language User Guide",
	EDITION = "Second",
	AUTHOR = "Grady Booch and James Rumbaugh and Ivar Jacobson",
	YEAR = 2005
}

@Article{ softwarepractices,
	TITLE = "Best practices for software development projects",
	AUTHOR = "Mike Perks",
	YEAR = 2003
}

@Book{ mpi,
	TITLE = "MPI: The Complete Reference",
	AUTHOR = "Marc Snir and Steve Otto and Steven Huss-Lederman and David Walker and Jack Dongarra",
	YEAR = 1996,
	PUBLISHER = "MIT Press",
	ADDRESS = "Massachusetts Institute of Technology, Cambridge, MA"
}

@Book{ openmp,
	TITLE = "Using OpenMP. Portable Shared Memory Parallel Programming",
	AUTHOR = "Barbara Chapman and Gabriele Jost and Ruud van der Pas",
	YEAR = 2007,
	PUBLISHER = "MIT Press",
	ADDRESS = "Massachusetts Institute of Technology, Cambridge, MA"
}

@Article{ ewd1036,
	TITLE = "On the cruelty of really teaching computing science",
	AUTHOR = "Edsger Wybe Dijkstra",
	YEAR = 1988,
	ADDRESS = "The University of Texas at Austin, Austin, TX"
}

@Book{ responsibility,
	TITLE = "Object Design: Roles, Responsibilities, and Collaborations",
	AUTHOR = "Rebecca Wirfs-Brock and Alan McKean",
	PUBLISHER = "Addison-Wesley",
	YEAR = 2003,
	ISBN = "0201379430"
}

@Book{ boost,
	TITLE = "Beyond the C++ Standard Library: An Introduction to Boost",
	AUTHOR = ,
	PUBLISHER = "Addison-Wesley Professional",
	YEAR = 2005
}

@Article{ clus09,
	title = "A Framework for Small Distributed Projects and a Protein Clusterer Application",
	author = "Guillermo Biset and Daniel Gutson and Marcelo Arroyo",
	school = "Universidad Nacional de R{\'i}o Cuarto",
	year = "2009"
}

@String{hpc = "\textsc{HPC}"}
@Article{ LauGar09,
	title = "Implementaci{\'o}n del modelo " # hpc # " colaborativo aplicable a problemas de bio-inform{\'a}tica",
	author = "Luc{\'i}a Laur{\'i}a and Rafael Garabato",
	year = "2009"
}

@Article{ fud09,
	title = "FuD: Design and Implementation of a Framework for Small Distributed Applications",
	author = "Guillermo Biset and Daniel Gutson and Marcelo Arroyo",
	year = "2009"
}

