@Article{ ewd1036,
    TITLE = "On the cruelty of really teaching computing science",
	AUTHOR = "Edsger Wybe Dijkstra",
	YEAR = 1988,
	ADDRESS = "The University of Texas at Austin, Austin, TX"
}

@Book{ responsibility,
	TITLE = "Object Design: Roles, Responsibilities, and Collaborations",
	AUTHOR = "Rebecca Wirfs-Brock and Alan McKean",
	PUBLISHER = "Addison-Wesley",
	YEAR = 2003,
	ISBN = "0201379430"
}

@BOOK{cplusplus,
    AUTHOR="Bjarne Stroustrup",
    TITLE="The C++ Programming Language, Third Edition.",
    PUBLISHER="Addison-Wesley",
    ADDRESS="Murray Hill, New Jersey",
    YEAR=1997
}

%programacion c++, podriamos poner tambien el cplusplus.com
@Book{ Stroustrup91,
    title = "The C++ programming language 2nd ed",
    author = "Bjarne Stroustrup",
    publisher = "Addison-Wesley",
    year = "1991"
}

@BOOK{parallel,
  AUTHOR="Ian Foster",
  TITLE="Designing and Building Parallel Programs",
  PUBLISHER="Addison-Wesley",
  YEAR=1995,
  ISBN="0-201-57594-9"
}

@BOOK{svn,
  AUTHOR="Ben Collins Sussman and Brian W. Fitzpatrick and C. Michael Pilato",
  TITLE="Version Control with Subversion",
  YEAR=2008,
  PUBLISHER="O'Reilly"
}

@BOOK{tnssitl,
  AUTHOR="Tobias Oetiker and Hubert Partl and Irene Hyna and Elisabeth Schlegl",
  TITLE="The Not So Short Introduction to \LaTeXe",
  YEAR=2008
}

@BOOK{latex,
  AUTHOR="Leslie Lamport",
  TITLE="\LaTeX: A Document Preparation System",
  PUBLISHER="Addison-Wesley",
  ADDRESS="Reading, Massachusetts",
  YEAR=1994,
  ISBN="0-201-52983-1"
}

@BOOK{oosc,
        AUTHOR =        "B. Meyer",
        YEAR =          "1997",
        TITLE =         "{Object-Oriented Software Construction, Second Edition}",
        ADDRESS =       "Santa Barbara",
        PUBLISHER =     "Prentice Hall Professional Technical Reference",
   rec={na} }


@BOOK{objmentor,
    AUTHOR="Robert C. Martin",
    TITLE="Design Principles and Design Patterns",
    YEAR=2000
}

@ARTICLE{softwarepractices,
  TITLE="Best practices for software development projects",
  AUTHOR="Mike Perks",
  YEAR=2003
}

%Responsibility-Driven Design (RDD). Ver capitulo 7.1 vaco para ver si se puede agregar algo
@Book{ Wirfs03,
	title = "Object Design: Roles, Responsibilities and Collaborations",
	author = "Rebecca Wirfs-Brock and Alan McKean",
	publisher = "Addison-Wesley",
	year = "2003"
}

% En algun lado que se hable de patrones de disenio
@Book{ Gamma95,
	title = "Design Patterns Elements of Reusable Object-Oriented Software",
	author = "Erich Gamma and Richard Helm and Ralph Johnson and John Vlissides",
	publisher = "Addison-Wesley",
	month = jan,
	year = "2005"
}

@BOOK{pressman,
  AUTHOR="Roger S. Pressman",
  TITLE="Software Engineering - A Practitioner's Approach - Fourth Edition",
  YEAR=1982,
  ISBN="0-07-052182-4"
}

@BOOK{uml,
  TITLE="Unified Modeling Language User Guide",
  EDITION="Second",
  AUTHOR="Grady Booch and James Rumbaugh and Ivar Jacobson",
  YEAR=2005
}



%no se en donde, de ultima sin referencia
@Article{Leonard06,
    title = "Antiviral RNAi therapy: emerging approaches for hitting a moving target",
    author = "JN Leonard and DV Schaffer",
    year = "2006"
}

%no se en donde, de ultima sin referencia
@Article{BL03 ,
    title = "Methods for optimizing antiviral combination therapies",
    author = "Niko Beerenwinkel, Thomas Lengauer, Martin Daumer, Rolf Kaiser, Hauke Walter, Klaus Korn, Daniel Hoffmann and Joachim Selbig",
    volume = "19",
    year = "2006"
}

%Despues de donde nombremos el I.A.S ( la bd de antiviralses)
%    author = "Victoria A. Johnson, Bonaventura Clotet and Douglas D. Richman",
@Article{JBB08,
    title = "Update of the Drug Resistance Mutations in HIV-1",
    author = "Johnson, Clotet and Richman",
    year = "2008"
}
%8.3.3. Penultimo parrafo despues del RNAfold que esta en negrita
@Article{ Hofacker94,
	title = "Fast folding and comparison of RNA secondary structures",
	author = "I. L. Hofacker and W. Fontana and P. F. Stadler and L. S. Bonhoeffer and M. Tacker and P. Schuster",
	journal = {Monatshefte f{\"u}r Chemie},
	volume = "125",
	number = "2",
	year = "1994"
}

%8.3.3 prediccion comparativa (ver si lo ponemos)
@Article{ Gardner04,
	title = "A comprehensive comparison of comparative RNA structure prediction approaches",
	author = "Paul P Gardner and Robert Giegerich",
	journal = "BMC Bioinformatics",
	month = sep,
	year = "2004"
}

%8.3.3 prediccion por minimal free energy, despues de 1981
@Article{ Zuker84,
	title = "RNA secondary structures and their prediction",
	author = "Michael Zuker and David Sankoff",
	journal = "Bulletin of Mathematical Biology",
	volume = "46",
	number = "4",
	year = "1984"
}


@Article{ hivHistory,
	title = "The History of HIV",
	author = " Mark Cichocki",
	year = " 2010"
}

@Article{ haart,
	title = "Highly Active Antiretroviral Therapy",
	author = " Mark Cichocki",
	year = "2009"
}

%Article{ ,
	title = "",
	author = "",
	journal = "",
	volume = "",
	number = "",
	year = ""
}
